@inproceedings{Gyimothy2005IEEE,
 author = {T. Gyimothy, R. Ferenc, I. Siket},
 title = {Empirical Validation of Object-Oriented Metrics on Open Source Software for Fault Prediction},
 booktitle = {IEEE Trans, Software Engineering},
 month = {October},
 year = {2005},
 isbn = {},
 location = {},
 pages = {897-910},
 numpages = {}
}
@inproceedings{Nagappan2010ISSRE,
 author = {N. Nagappan, A. Zeller, T. Zimmermann, K. Herzik, B. Marphy},
 title = {Software Reliability Engineering (ISSRE)},
 booktitle = {IEEE Trans, Software Engineering},
 month = {November},
 year = {2010},
 e-isbn = {978-0-7695-4255-3},
 location = {San Jose, CA},
 pages = {309-318},
 publisher = {IEEE}
}
@inproceedings{Mockus2000Bell,
 author = {A. Mockus, D.M. Weiss},
 title = {Predicting Risk of Software Changes},
 booktitle = {Bell Labs Technical Journal},
 year = {2000},
 volume = {9},
 number = {2},
 pages = {169-180}
}
@inproceedings{Kim2011ICSE,
 author = {Sunghun Kim, Hongyu Zhang, Rongxin Wu},
 title = {Dealing with noise in defect prediction},
 booktitle = {International Conference on Software Engineering (ICSE)},
 year = {2011},
 pages = {481-490},
 e-isbn = {978-1-4503-0445-0},
 publisher = {IEEE}
}
@inproceedings{Briand1999ICSE,
 author = {L.C. Briand, J. Wu Ìˆst, S.V. Ikonomovski},
 title = {Investigating Quality Factors in Object-Oriented Designs: An Industrial Case Study},
 booktitle = {International Conference on Software Engineering (ICSE)},
 year = {1999},
 pages = {345-354},
 publisher = {IEEE}
}
@inproceedings{Nagappan2005ICSE,
 author = {N. Nagappan, T. Ball},
 title = {Use of Relative Code Churn Measures to Predict System Defect Density},
 booktitle = {Internation Conference of Software Engineering},
 year = {2005},
 pages = {284-292},
 numpages = {}
}
@inproceedings{Zimmermann2009ESECS,
 author = {T. Zimmermann, N. Nagappan, H. Gall},
 title = {Cross-Project Defect Prediction: A Large Scale Experiment on Data vs. Domain vs. Process},
 pages = {91-100},
 year = {2009}
}
@book{humble10,
 author = {Humble, Jez and Farley, David},
 title = {Continuous Delivery: Reliable Software Releases through Build, Test, and Deployment Automation},
 year = {2010},
 isbn = {0321601912, 9780321601919},
 edition = {1st},
 publisher = {Addison-Wesley Professional}
}